@online{agent,
author = {Wikipedia},
title = {Intelligent agent},
url = {https://en.wikipedia.org/wiki/Intelligent_agent},
}


@Article{cross_KHO,
author={Ron Kohavi},
title = {A Study of Cross-Validation and Bootstrap
for Accuracy Estimation and Model Selection},
journal = {IJCAI},
year = {1995},
}

@Article{ind_BIAS,
author={Peter W. Battaglia et all.},
title = {Relational inductive biases, deep learning, and graph networks},
journal = {arXiv},
year = {2018},
}

@Article{deep_GCN,
author = {Rex Ying et all.},
title = {Graph Convolutional Neural Networks for Web-Scale
Recommender Systems},
journal = {arXiv},
year = {6 Jun 2018},
}

@Article{review_GCN,
author = {Tobias Skovgaard Jepsen},
title = {How to do Deep Learning on Graphs with Graph Convolutional Networks},
url = {https://towardsdatascience.com/how-to-do-deep-learning-on-graphs-with-graph-convolutional-networks-7d2250723780},
}

@Article{graph,
author = {Radu Horaud},
title = {Graph Laplacian},
url = {https://csustan.csustan.edu/~tom/Clustering/GraphLaplacian-tutorial.pdf},
}

@article{Kipf_GCN,
  title={Semi-Supervised Classification with Graph Convolutional Networks},
  author={Kipf, Thomas N and Welling, Max},
  journal={arXiv preprint arXiv:1609.02907},
  year={2016}
}

@article{n2v,
  title={node2vec: Scalable Feature Learning for Networks},
  author={Aditya Grover, Leskovec},
  journal={arXiv:1607.00653},
  year={2016}
}

@inproceedings{Grover:2016:NSF:2939672.2939754,
 author = {Grover, Aditya and Leskovec, Jure},
 title = {Node2Vec: Scalable Feature Learning for Networks},
 booktitle = {Proceedings of the 22Nd ACM SIGKDD International Conference on Knowledge Discovery and Data Mining},
 series = {KDD '16},
 year = {2016},
 isbn = {978-1-4503-4232-2},
 location = {San Francisco, California, USA},
 pages = {855--864},
 numpages = {10},
 url = {http://doi.acm.org/10.1145/2939672.2939754},
 doi = {10.1145/2939672.2939754},
 acmid = {2939754},
 publisher = {ACM},
 address = {New York, NY, USA},
 keywords = {feature learning, graph representations, information networks, node embeddings}
}

