@online{agent,
author = {Wikipedia},
title = {Intelligent agent},
url = {https://en.wikipedia.org/wiki/Intelligent_agent},
}


@Article{cross_KHO,
author={Ron Kohavi},
title = {A Study of Cross-Validation and Bootstrap
for Accuracy Estimation and Model Selection},
journal = {IJCAI},
year = {1995},
}

@Article{ind_BIAS,
author={Peter W. Battaglia et all.},
title = {Relational inductive biases, deep learning, and graph networks},
journal = {arXiv},
year = {2018},
}

@Article{deep_GCN,
author = {Rex Ying et all.},
title = {Graph Convolutional Neural Networks for Web-Scale
Recommender Systems},
journal = {arXiv},
year = {6 Jun 2018},
}

@Article{review_GCN,
author = {Tobias Skovgaard Jepsen},
title = {How to do Deep Learning on Graphs with Graph Convolutional Networks},
url = {https://towardsdatascience.com/how-to-do-deep-learning-on-graphs-with-graph-convolutional-networks-7d2250723780},
}

@Article{graph,
author = {Radu Horaud},
title = {Graph Laplacian},
url = {https://csustan.csustan.edu/~tom/Clustering/GraphLaplacian-tutorial.pdf},
}

@Article{Kipf_GCN,
author={Thomas N. Kipf{,} Max Welling},
title = {SEMI-SUPERVISED CLASSIFICATION WITH
GRAPH CONVOLUTIONAL NETWORKS},
journal = {ICLR},
year = {2017},
}

